% BACKGROUND 

@article{lecun1989backpropagation,
  title={Backpropagation applied to handwritten zip code recognition},
  author={LeCun, Yann and Boser, Bernhard and Denker, John S and Henderson, Donnie and Howard, Richard E and Hubbard, Wayne and Jackel, Lawrence D},
  journal={Neural computation},
  volume={1},
  number={4},
  pages={541--551},
  year={1989},
  publisher={MIT Press}
}

@article{sutskever2014sequence,
  title={Sequence to sequence learning with neural networks},
  author={Sutskever, Ilya and Vinyals, Oriol and Le, Quoc V},
  journal={Advances in neural information processing systems},
  volume={27},
  year={2014}
}

@article{krizhevsky2012imagenet,
  title={Imagenet classification with deep convolutional neural networks},
  author={Krizhevsky, Alex and Sutskever, Ilya and Hinton, Geoffrey E},
  journal={Advances in neural information processing systems},
  volume={25},
  year={2012}
}

@ARTICLE{samuel2000gameofcheckers,
  author={Samuel, A. L.},
  journal={IBM Journal of Research and Development}, 
  title={Some studies in machine learning using the game of checkers}, 
  year={2000},
  volume={44},
  number={1.2},
  pages={206-226},
  doi={10.1147/rd.441.0206}}

@book{mitchell1997machine,
  title={Machine learning},
  author={Mitchell, Tom M and Mitchell, Tom M},
  volume={1},
  number={9},
  year={1997},
  publisher={McGraw-hill New York}
}

@book{goodfellow2016deep,
  title={Deep learning},
  author={Goodfellow, Ian and Bengio, Yoshua and Courville, Aaron},
  year={2016},
  publisher={MIT press}
}

@article{sutton1998introduction,
  title={Introduction to reinforcement learning},
  author={Sutton, Richard S and Barto, Andrew G and others},
  year={1998},
  publisher={MIT press Cambridge}
}

@article{silver2016mastering,
  title={Mastering the game of Go with deep neural networks and tree search},
  author={Silver, David and Huang, Aja and Maddison, Chris J and Guez, Arthur and Sifre, Laurent and Van Den Driessche, George and Schrittwieser, Julian and Antonoglou, Ioannis and Panneershelvam, Veda and Lanctot, Marc and others},
  journal={nature},
  volume={529},
  number={7587},
  pages={484--489},
  year={2016},
  publisher={Nature Publishing Group}
}

@article{jain2013google,
  title={Google self-driving cars},
  author={Jain, Abhishek and Jiang, Jing and Lui, Jonathan and D'Souza, Rohit and Limarta, Standley},
  year={2013}
}

@article{rosenblatt1958perceptron,
  title={The perceptron: a probabilistic model for information storage and organization in the brain.},
  author={Rosenblatt, Frank},
  journal={Psychological review},
  volume={65},
  number={6},
  pages={386},
  year={1958},
  publisher={American Psychological Association}
}

@techreport{rosenblatt1961principles,
  title={Principles of neurodynamics. perceptrons and the theory of brain mechanisms},
  author={Rosenblatt, Frank},
  year={1961},
  institution={Cornell Aeronautical Lab Inc Buffalo NY}
}

@incollection{bottou2010large,
  title={Large-scale machine learning with stochastic gradient descent},
  author={Bottou, L{\'e}on},
  booktitle={Proceedings of COMPSTAT'2010},
  pages={177--186},
  year={2010},
  publisher={Springer}
}

@article{kingma2014adam,
  title={Adam: A method for stochastic optimization},
  author={Kingma, Diederik P and Ba, Jimmy},
  journal={arXiv preprint arXiv:1412.6980},
  year={2014}
}

% PREPROCESS

@misc{windowingct17yahya, title={Windowing (CT)}, url={http://dx.doi.org/10.53347/rID-52108}, DOI={10.53347/rid-52108}, journal={Radiopaedia.org}, publisher={Radiopaedia.org}, author={Baba, Yahya and Murphy, Andrew}, year={2017}, month={Mar} }

% POSITIONAL ENCODING

@article{krizhevsky2012imagenet,
  title={Imagenet classification with deep convolutional neural networks},
  author={Krizhevsky, Alex and Sutskever, Ilya and Hinton, Geoffrey E},
  journal={Advances in neural information processing systems},
  volume={25},
  year={2012}
}

@inproceedings{jung2020global,
  title={Global-and-local relative position embedding for unsupervised video summarization},
  author={Jung, Yunjae and Cho, Donghyeon and Woo, Sanghyun and Kweon, In So},
  booktitle={European Conference on Computer Vision},
  pages={167--183},
  year={2020},
  organization={Springer}
}

@article{shaw2018self,
  title={Self-attention with relative position representations},
  author={Shaw, Peter and Uszkoreit, Jakob and Vaswani, Ashish},
  journal={arXiv preprint arXiv:1803.02155},
  year={2018}
}

@article{mirza2014cgan,
  title={Conditional generative adversarial nets},
  author={Mirza, Mehdi and Osindero, Simon},
  journal={arXiv preprint arXiv:1411.1784},
  year={2014}
}

@inproceedings{anderson2018bottom,
  title={Bottom-up and top-down attention for image captioning and visual question answering},
  author={Anderson, Peter and He, Xiaodong and Buehler, Chris and Teney, Damien and Johnson, Mark and Gould, Stephen and Zhang, Lei},
  booktitle={Proceedings of the IEEE conference on computer vision and pattern recognition},
  pages={6077--6086},
  year={2018}
}

@inproceedings{messina2021transformer,
  title={Transformer reasoning network for image-text matching and retrieval},
  author={Messina, Nicola and Falchi, Fabrizio and Esuli, Andrea and Amato, Giuseppe},
  booktitle={2020 25th International Conference on Pattern Recognition (ICPR)},
  pages={5222--5229},
  year={2021},
  organization={IEEE}
}

@inproceedings{karpathy2014large,
  title={Large-scale video classification with convolutional neural networks},
  author={Karpathy, Andrej and Toderici, George and Shetty, Sanketh and Leung, Thomas and Sukthankar, Rahul and Fei-Fei, Li},
  booktitle={Proceedings of the IEEE conference on Computer Vision and Pattern Recognition},
  pages={1725--1732},
  year={2014}
}

@article{hochreiter1997long,
  title={Long short-term memory},
  author={Hochreiter, Sepp and Schmidhuber, J{\"u}rgen},
  journal={Neural computation},
  volume={9},
  number={8},
  pages={1735--1780},
  year={1997},
  publisher={MIT Press}
}

@article{cho2014properties,
  title={On the properties of neural machine translation: Encoder-decoder approaches},
  author={Cho, Kyunghyun and Van Merri{\"e}nboer, Bart and Bahdanau, Dzmitry and Bengio, Yoshua},
  journal={arXiv preprint arXiv:1409.1259},
  year={2014}
}

@article{vaswani2017attention,
  title={Attention is all you need},
  author={Vaswani, Ashish and Shazeer, Noam and Parmar, Niki and Uszkoreit, Jakob and Jones, Llion and Gomez, Aidan N and Kaiser, {\L}ukasz and Polosukhin, Illia},
  journal={Advances in neural information processing systems},
  volume={30},
  year={2017}
}

@article{sukhbaatar2015end,
  title={End-to-end memory networks},
  author={Sukhbaatar, Sainbayar and Weston, Jason and Fergus, Rob and others},
  journal={Advances in neural information processing systems},
  volume={28},
  year={2015}
}

@inproceedings{gehring2017convolutional,
  title={Convolutional sequence to sequence learning},
  author={Gehring, Jonas and Auli, Michael and Grangier, David and Yarats, Denis and Dauphin, Yann N},
  booktitle={International conference on machine learning},
  pages={1243--1252},
  year={2017},
  organization={PMLR}
}


% DATASET

@article{ma2021abdomenct,
  title={Abdomenct-1k: Is abdominal organ segmentation a solved problem},
  author={Ma, Jun and Zhang, Yao and Gu, Song and Zhu, Cheng and Ge, Cheng and Zhang, Yichi and An, Xingle and Wang, Congcong and Wang, Qiyuan and Liu, Xin and others},
  journal={IEEE Transactions on Pattern Analysis and Machine Intelligence},
  year={2021},
  publisher={IEEE}
}

% METRIC EVALUATION

@article{nikolov2018deep,
  title={Deep learning to achieve clinically applicable segmentation of head and neck anatomy for radiotherapy},
  author={Nikolov, Stanislav and Blackwell, Sam and Zverovitch, Alexei and Mendes, Ruheena and Livne, Michelle and De Fauw, Jeffrey and Patel, Yojan and Meyer, Clemens and Askham, Harry and Romera-Paredes, Bernardino and others},
  journal={arXiv preprint arXiv:1809.04430},
  year={2018}
}

@article{bilic2019liver,
  title={The liver tumor segmentation benchmark (lits)},
  author={Bilic, Patrick and Christ, Patrick Ferdinand and Vorontsov, Eugene and Chlebus, Grzegorz and Chen, Hao and Dou, Qi and Fu, Chi-Wing and Han, Xiao and Heng, Pheng-Ann and Hesser, J{\"u}rgen and others},
  journal={arXiv preprint arXiv:1901.04056},
  year={2019}
}

@article{heller2021state,
  title={The state of the art in kidney and kidney tumor segmentation in contrast-enhanced CT imaging: Results of the KiTS19 challenge},
  author={Heller, Nicholas and Isensee, Fabian and Maier-Hein, Klaus H and Hou, Xiaoshuai and Xie, Chunmei and Li, Fengyi and Nan, Yang and Mu, Guangrui and Lin, Zhiyong and Han, Miofei and others},
  journal={Medical image analysis},
  volume={67},
  pages={101821},
  year={2021},
  publisher={Elsevier}
}


% LOSS FUNCTION

@inproceedings{yi2004ce,
  title={Automated image segmentation using improved PCNN model based on cross-entropy},
  author={Yi-de, Ma and Qing, Liu and Zhi-Bai, Qian},
  booktitle={Proceedings of 2004 International Symposium on Intelligent Multimedia, Video and Speech Processing, 2004.},
  pages={743--746},
  year={2004},
  organization={IEEE}
}

@incollection{sudre2017diceloss,
  title={Generalised dice overlap as a deep learning loss function for highly unbalanced segmentations},
  author={Sudre, Carole H and Li, Wenqi and Vercauteren, Tom and Ourselin, Sebastien and Jorge Cardoso, M},
  booktitle={Deep learning in medical image analysis and multimodal learning for clinical decision support},
  pages={240--248},
  year={2017},
  publisher={Springer}
}

@article{ohemce16wu,
  author    = {Zifeng Wu and
               Chunhua Shen and
               Anton van den Hengel},
  title     = {High-performance Semantic Segmentation Using Very Deep Fully Convolutional
               Networks},
  journal   = {CoRR},
  volume    = {abs/1604.04339},
  year      = {2016},
  url       = {http://arxiv.org/abs/1604.04339},
  eprinttype = {arXiv},
  eprint    = {1604.04339},
  timestamp = {Mon, 13 Aug 2018 16:47:08 +0200},
  biburl    = {https://dblp.org/rec/journals/corr/WuSH16a.bib},
  bibsource = {dblp computer science bibliography, https://dblp.org}
}

@inproceedings{lovasz18berman,
  author    = {Maxim Berman and
               Amal Rannen Triki and
               Matthew B. Blaschko},
  title     = {The Lov{\'{a}}sz-Softmax Loss: {A} Tractable Surrogate for the
               Optimization of the Intersection-Over-Union Measure in Neural Networks},
  booktitle = {2018 {IEEE} Conference on Computer Vision and Pattern Recognition,
               {CVPR} 2018, Salt Lake City, UT, USA, June 18-22, 2018},
  pages     = {4413--4421},
  publisher = {Computer Vision Foundation / {IEEE} Computer Society},
  year      = {2018},
  url       = {http://openaccess.thecvf.com/content\_cvpr\_2018/html/Berman\_The\_LovaSz-Softmax\_Loss\_CVPR\_2018\_paper.html},
  doi       = {10.1109/CVPR.2018.00464},
  timestamp = {Tue, 31 Aug 2021 14:00:32 +0200},
  biburl    = {https://dblp.org/rec/conf/cvpr/BermanTB18.bib},
  bibsource = {dblp computer science bibliography, https://dblp.org}
}

% SEGMENTATION MODELS

@inproceedings{stcn21cheng,
  author    = {Ho Kei Cheng and
               Yu{-}Wing Tai and
               Chi{-}Keung Tang},
  editor    = {Marc'Aurelio Ranzato and
               Alina Beygelzimer and
               Yann N. Dauphin and
               Percy Liang and
               Jennifer Wortman Vaughan},
  title     = {Rethinking Space-Time Networks with Improved Memory Coverage for Efficient
               Video Object Segmentation},
  booktitle = {Advances in Neural Information Processing Systems 34: Annual Conference
               on Neural Information Processing Systems 2021, NeurIPS 2021, December
               6-14, 2021, virtual},
  pages     = {11781--11794},
  year      = {2021},
  url       = {https://proceedings.neurips.cc/paper/2021/hash/61b4a64be663682e8cb037d9719ad8cd-Abstract.html},
  timestamp = {Tue, 03 May 2022 16:20:47 +0200},
  biburl    = {https://dblp.org/rec/conf/nips/ChengTT21.bib},
  bibsource = {dblp computer science bibliography, https://dblp.org}
}

@article{transunet21chen,
  author    = {Jieneng Chen and
               Yongyi Lu and
               Qihang Yu and
               Xiangde Luo and
               Ehsan Adeli and
               Yan Wang and
               Le Lu and
               Alan L. Yuille and
               Yuyin Zhou},
  title     = {TransUNet: Transformers Make Strong Encoders for Medical Image Segmentation},
  journal   = {CoRR},
  volume    = {abs/2102.04306},
  year      = {2021},
  url       = {https://arxiv.org/abs/2102.04306},
  eprinttype = {arXiv},
  eprint    = {2102.04306},
  timestamp = {Mon, 12 Apr 2021 14:40:33 +0200},
  biburl    = {https://dblp.org/rec/journals/corr/abs-2102-04306.bib},
  bibsource = {dblp computer science bibliography, https://dblp.org}
}

@inproceedings{dlv3p18chen,
  author    = {Liang{-}Chieh Chen and
               Yukun Zhu and
               George Papandreou and
               Florian Schroff and
               Hartwig Adam},
  editor    = {Vittorio Ferrari and
               Martial Hebert and
               Cristian Sminchisescu and
               Yair Weiss},
  title     = {Encoder-Decoder with Atrous Separable Convolution for Semantic Image
               Segmentation},
  booktitle = {Computer Vision - {ECCV} 2018 - 15th European Conference, Munich,
               Germany, September 8-14, 2018, Proceedings, Part {VII}},
  series    = {Lecture Notes in Computer Science},
  volume    = {11211},
  pages     = {833--851},
  publisher = {Springer},
  year      = {2018},
  url       = {https://doi.org/10.1007/978-3-030-01234-2\_49},
  doi       = {10.1007/978-3-030-01234-2\_49},
  timestamp = {Tue, 14 May 2019 10:00:45 +0200},
  biburl    = {https://dblp.org/rec/conf/eccv/ChenZPSA18.bib},
  bibsource = {dblp computer science bibliography, https://dblp.org}
}

% DATASET
@article{simpson2019MSD,
  title={A large annotated medical image dataset for the development and evaluation of segmentation algorithms},
  author={Simpson, Amber L and Antonelli, Michela and Bakas, Spyridon and Bilello, Michel and Farahani, Keyvan and Van Ginneken, Bram and Kopp-Schneider, Annette and Landman, Bennett A and Litjens, Geert and Menze, Bjoern and others},
  journal={arXiv preprint arXiv:1902.09063},
  year={2019}
}
@article{KiTSDataset,
  title={An international challenge to use artificial intelligence to define the state-of-the-art in kidney and kidney tumor segmentation in CT imaging.},
  author={Heller, Nicholas and McSweeney, Sean and Peterson, Matthew Thomas and Peterson, Sarah and Rickman, Jack and Stai, Bethany and Tejpaul, Resha and Oestreich, Makinna and Blake, Paul and Rosenberg, Joel and others},
  volume = {38},
    number = {6},
    pages = {626-626},
    year = {2020},
  journal={American Society of Clinical Oncology}
}
@misc{NIHPancreas,
  title = {{NIH Pancreas}},
  howpublished = "\url{https://wiki.cancerimagingarchive.net/display/Public/Pancreas-CT}",
  year = {2020},
  note = "[Online; Accessed: Aug. 2020]"
}
@inproceedings{ronneberger2015u,
  title={U-net: Convolutional networks for biomedical image segmentation},
  author={Ronneberger, Olaf and Fischer, Philipp and Brox, Thomas},
  booktitle={International Conference on Medical image computing and computer-assisted intervention},
  pages={234--241},
  year={2015}
}

@article{AbdomenCT-1K,
  title={AbdomenCT-1K: Is Abdominal Organ Segmentation A Solved Problem?},
  author={Ma, Jun and Zhang, Yao and Gu, Song and Zhu, Cheng and Ge, Cheng and Zhang, Yichi and An, Xingle and Wang, Congcong and Wang, Qiyuan and Liu, Xin and Cao, Shucheng and Zhang, Qi and Liu, Shangqing and Wang, Yunpeng and Li, Yuhui and He, Jian and Yang, Xiaoping},
  journal={IEEE Transactions on Pattern Analysis and Machine Intelligence},
  year={2021},
  doi={10.1109/TPAMI.2021.3100536}
}


@article{isensee2021nnu,
  title={nnU-Net: a self-configuring method for deep learning-based biomedical image segmentation},
  author={Isensee, Fabian and Jaeger, Paul F and Kohl, Simon AA and Petersen, Jens and Maier-Hein, Klaus H},
  journal={Nature Methods},
  volume={18},
  number={2},
  pages={203--211},
  year={2021}
}

@article{LossOdyssey,
title = {Loss Odyssey in Medical Image Segmentation},
journal = {Medical Image Analysis},
volume = {71},
pages = {102035},
year = {2021},
author = {Jun Ma and Jianan Chen and Matthew Ng and Rui Huang and Yu Li and Chen Li and Xiaoping Yang and Anne L. Martel}
}

@article{bilic2019lits,
  title={The liver tumor segmentation benchmark (lits)},
  author={Bilic, Patrick and Christ, Patrick Ferdinand and Vorontsov, Eugene and Chlebus, Grzegorz and Chen, Hao and Dou, Qi and Fu, Chi-Wing and Han, Xiao and Heng, Pheng-Ann and Hesser, J{\"u}rgen and others},
  journal={arXiv preprint arXiv:1901.04056},
  year={2019}
}


@article{KiTS,
  title={The state of the art in kidney and kidney tumor segmentation in contrast-enhanced CT imaging: Results of the KiTS19 Challenge},
  author={Heller, Nicholas and Isensee, Fabian and Maier-Hein, Klaus H and Hou, Xiaoshuai and Xie, Chunmei and Li, Fengyi and Nan, Yang and Mu, Guangrui and Lin, Zhiyong and Han, Miofei and others},
  journal={Medical Image Analysis},
  volume={67},
  pages={101821},
  year={2021},
}
@misc{roth9data,
  title={Data from Pancreas-CT. The Cancer Imaging Archive (2016)},
  author={Roth, H and Farag, A and Turkbey, EB and Lu, L and Liu, J and Summers, RM}
}
@inproceedings{roth2015deeporgan,
  title={Deeporgan: Multi-level deep convolutional networks for automated pancreas segmentation},
  author={Roth, Holger R and Lu, Le and Farag, Amal and Shin, Hoo-Chang and Liu, Jiamin and Turkbey, Evrim B and Summers, Ronald M},
  booktitle={International conference on medical image computing and computer-assisted intervention},
  pages={556--564},
  year={2015},
  organization={Springer}
}
@article{clark2013TCIA,
  title={The Cancer Imaging Archive (TCIA): maintaining and operating a public information repository},
  author={Clark, Kenneth and Vendt, Bruce and Smith, Kirk and Freymann, John and Kirby, Justin and Koppel, Paul and Moore, Stephen and Phillips, Stanley and Maffitt, David and Pringle, Michael and others},
  journal={Journal of Digital Imaging},
  volume={26},
  number={6},
  pages={1045--1057},
  year={2013}
}

% SEMI-SUPERVISED LEARNING

@article{kim2020structuredloss,
  author    = {Jongmok Kim and
               Jooyoung Jang and
               Hyunwoo Park},
  title     = {Structured Consistency Loss for semi-supervised semantic segmentation},
  journal   = {CoRR},
  volume    = {abs/2001.04647},
  year      = {2020},
  url       = {https://arxiv.org/abs/2001.04647},
  eprinttype = {arXiv},
  eprint    = {2001.04647},
  timestamp = {Fri, 17 Jan 2020 14:07:30 +0100},
  biburl    = {https://dblp.org/rec/journals/corr/abs-2001-04647.bib},
  bibsource = {dblp computer science bibliography, https://dblp.org}
}

@article{french2019semi,
  title={Semi-supervised semantic segmentation needs strong, high-dimensional perturbations},
  author={French, Geoff and Aila, Timo and Laine, Samuli and Mackiewicz, Michal and Finlayson, Graham},
  year={2019}
}

@article{zheng2021rectifying,
  author    = {Zhedong Zheng and
               Yi Yang},
  title     = {Rectifying Pseudo Label Learning via Uncertainty Estimation for Domain
               Adaptive Semantic Segmentation},
  journal   = {Int. J. Comput. Vis.},
  volume    = {129},
  number    = {4},
  pages     = {1106--1120},
  year      = {2021},
  url       = {https://doi.org/10.1007/s11263-020-01395-y},
  doi       = {10.1007/s11263-020-01395-y},
  timestamp = {Wed, 27 Oct 2021 12:33:55 +0200},
  biburl    = {https://dblp.org/rec/journals/ijcv/ZhengY21.bib},
  bibsource = {dblp computer science bibliography, https://dblp.org}
}


@inproceedings{chen2020naivestudent,
  author    = {Liang{-}Chieh Chen and
               Raphael Gontijo Lopes and
               Bowen Cheng and
               Maxwell D. Collins and
               Ekin D. Cubuk and
               Barret Zoph and
               Hartwig Adam and
               Jonathon Shlens},
  editor    = {Andrea Vedaldi and
               Horst Bischof and
               Thomas Brox and
               Jan{-}Michael Frahm},
  title     = {Naive-Student: Leveraging Semi-Supervised Learning in Video Sequences
               for Urban Scene Segmentation},
  booktitle = {Computer Vision - {ECCV} 2020 - 16th European Conference, Glasgow,
               UK, August 23-28, 2020, Proceedings, Part {IX}},
  series    = {Lecture Notes in Computer Science},
  volume    = {12354},
  pages     = {695--714},
  publisher = {Springer},
  year      = {2020},
  url       = {https://doi.org/10.1007/978-3-030-58545-7\_40},
  doi       = {10.1007/978-3-030-58545-7\_40},
  timestamp = {Thu, 05 Nov 2020 14:01:21 +0100},
  biburl    = {https://dblp.org/rec/conf/eccv/ChenLCCCZAS20.bib},
  bibsource = {dblp computer science bibliography, https://dblp.org}
}

@article{zhu2020improving,
  author    = {Yi Zhu and
               Zhongyue Zhang and
               Chongruo Wu and
               Zhi Zhang and
               Tong He and
               Hang Zhang and
               R. Manmatha and
               Mu Li and
               Alexander J. Smola},
  title     = {Improving Semantic Segmentation via Self-Training},
  journal   = {CoRR},
  volume    = {abs/2004.14960},
  year      = {2020},
  url       = {https://arxiv.org/abs/2004.14960},
  eprinttype = {arXiv},
  eprint    = {2004.14960},
  timestamp = {Tue, 22 Sep 2020 08:08:20 +0200},
  biburl    = {https://dblp.org/rec/journals/corr/abs-2004-14960.bib},
  bibsource = {dblp computer science bibliography, https://dblp.org}
}

@inproceedings{zoph2020rethinking,
  author    = {Barret Zoph and
               Golnaz Ghiasi and
               Tsung{-}Yi Lin and
               Yin Cui and
               Hanxiao Liu and
               Ekin Dogus Cubuk and
               Quoc Le},
  editor    = {Hugo Larochelle and
               Marc'Aurelio Ranzato and
               Raia Hadsell and
               Maria{-}Florina Balcan and
               Hsuan{-}Tien Lin},
  title     = {Rethinking Pre-training and Self-training},
  booktitle = {Advances in Neural Information Processing Systems 33: Annual Conference
               on Neural Information Processing Systems 2020, NeurIPS 2020, December
               6-12, 2020, virtual},
  year      = {2020},
  url       = {https://proceedings.neurips.cc/paper/2020/hash/27e9661e033a73a6ad8cefcde965c54d-Abstract.html},
  timestamp = {Tue, 19 Jan 2021 15:57:00 +0100},
  biburl    = {https://dblp.org/rec/conf/nips/ZophGLCLC020.bib},
  bibsource = {dblp computer science bibliography, https://dblp.org}
}

@article{feng2020semi,
  title={Semi-supervised semantic segmentation via dynamic self-training and classbalanced curriculum},
  author={Feng, Zhengyang and Zhou, Qianyu and Cheng, Guangliang and Tan, Xin and Shi, Jianping and Ma, Lizhuang},
  journal={arXiv preprint arXiv:2004.08514},
  volume={1},
  number={2},
  pages={5},
  year={2020}
}

@article{hung2018adversarial,
  title={Adversarial learning for semi-supervised semantic segmentation},
  author={Hung, Wei-Chih and Tsai, Yi-Hsuan and Liou, Yan-Ting and Lin, Yen-Yu and Yang, Ming-Hsuan},
  journal={arXiv preprint arXiv:1802.07934},
  year={2018}
}

@article{mittal2019semi,
  title={Semi-supervised semantic segmentation with high-and low-level consistency},
  author={Mittal, Sudhanshu and Tatarchenko, Maxim and Brox, Thomas},
  journal={IEEE transactions on pattern analysis and machine intelligence},
  volume={43},
  number={4},
  pages={1369--1379},
  year={2019},
  publisher={IEEE}
}

@inproceedings{ibrahim2020semisupervised,
  author    = {Mostafa S. Ibrahim and
               Arash Vahdat and
               Mani Ranjbar and
               William G. Macready},
  title     = {Semi-Supervised Semantic Image Segmentation With Self-Correcting Networks},
  booktitle = {2020 {IEEE/CVF} Conference on Computer Vision and Pattern Recognition,
               {CVPR} 2020, Seattle, WA, USA, June 13-19, 2020},
  pages     = {12712--12722},
  publisher = {Computer Vision Foundation / {IEEE}},
  year      = {2020},
  url       = {https://openaccess.thecvf.com/content\_CVPR\_2020/html/Ibrahim\_Semi-Supervised\_Semantic\_Image\_Segmentation\_With\_Self-Correcting\_Networks\_CVPR\_2020\_paper.html},
  doi       = {10.1109/CVPR42600.2020.01273},
  timestamp = {Tue, 31 Aug 2021 14:00:04 +0200},
  biburl    = {https://dblp.org/rec/conf/cvpr/IbrahimVRM20.bib},
  bibsource = {dblp computer science bibliography, https://dblp.org}
}

@inproceedings{mendel2020semisupervised,
  author    = {Robert Mendel and
               Luis Antonio De Souza and
               David Rauber and
               Jo{\~{a}}o Paulo Papa and
               Christoph Palm},
  editor    = {Andrea Vedaldi and
               Horst Bischof and
               Thomas Brox and
               Jan{-}Michael Frahm},
  title     = {Semi-supervised Segmentation Based on Error-Correcting Supervision},
  booktitle = {Computer Vision - {ECCV} 2020 - 16th European Conference, Glasgow,
               UK, August 23-28, 2020, Proceedings, Part {XXIX}},
  series    = {Lecture Notes in Computer Science},
  volume    = {12374},
  pages     = {141--157},
  publisher = {Springer},
  year      = {2020},
  url       = {https://doi.org/10.1007/978-3-030-58526-6\_9},
  doi       = {10.1007/978-3-030-58526-6\_9},
  timestamp = {Thu, 14 Oct 2021 10:11:56 +0200},
  biburl    = {https://dblp.org/rec/conf/eccv/MendelSRPP20.bib},
  bibsource = {dblp computer science bibliography, https://dblp.org}
}

@inproceedings{souly2017semisupervised,
  author    = {Nasim Souly and
               Concetto Spampinato and
               Mubarak Shah},
  title     = {Semi Supervised Semantic Segmentation Using Generative Adversarial
               Network},
  booktitle = {{IEEE} International Conference on Computer Vision, {ICCV} 2017, Venice,
               Italy, October 22-29, 2017},
  pages     = {5689--5697},
  publisher = {{IEEE} Computer Society},
  year      = {2017},
  url       = {https://doi.org/10.1109/ICCV.2017.606},
  doi       = {10.1109/ICCV.2017.606},
  timestamp = {Wed, 16 Oct 2019 14:14:51 +0200},
  biburl    = {https://dblp.org/rec/conf/iccv/SoulySS17.bib},
  bibsource = {dblp computer science bibliography, https://dblp.org}
}

@inproceedings{tarvainen2017meanteachers,
  author    = {Antti Tarvainen and
               Harri Valpola},
  title     = {Mean teachers are better role models: Weight-averaged consistency
               targets improve semi-supervised deep learning results},
  booktitle = {5th International Conference on Learning Representations, {ICLR} 2017,
               Toulon, France, April 24-26, 2017, Workshop Track Proceedings},
  publisher = {OpenReview.net},
  year      = {2017},
  url       = {https://openreview.net/forum?id=ry8u21rtl},
  timestamp = {Thu, 04 Apr 2019 13:20:08 +0200},
  biburl    = {https://dblp.org/rec/conf/iclr/TarvainenV17.bib},
  bibsource = {dblp computer science bibliography, https://dblp.org}
}

@inproceedings{cui2019semisupervised,
  author    = {Wenhui Cui and
               Yanlin Liu and
               Yuxing Li and
               Menghao Guo and
               Yiming Li and
               Xiuli Li and
               Tianle Wang and
               Xiangzhu Zeng and
               Chuyang Ye},
  editor    = {Albert C. S. Chung and
               James C. Gee and
               Paul A. Yushkevich and
               Siqi Bao},
  title     = {Semi-supervised Brain Lesion Segmentation with an Adapted Mean Teacher
               Model},
  booktitle = {Information Processing in Medical Imaging - 26th International Conference,
               {IPMI} 2019, Hong Kong, China, June 2-7, 2019, Proceedings},
  series    = {Lecture Notes in Computer Science},
  volume    = {11492},
  pages     = {554--565},
  publisher = {Springer},
  year      = {2019},
  url       = {https://doi.org/10.1007/978-3-030-20351-1\_43},
  doi       = {10.1007/978-3-030-20351-1\_43},
  timestamp = {Wed, 22 May 2019 11:32:48 +0200},
  biburl    = {https://dblp.org/rec/conf/ipmi/CuiLLGLLWZY19.bib},
  bibsource = {dblp computer science bibliography, https://dblp.org}
}

@inproceedings{hang2020localnglobal,
  author    = {Wenlong Hang and
               Wei Feng and
               Shuang Liang and
               Lequan Yu and
               Qiong Wang and
               Kup{-}Sze Choi and
               Jing Qin},
  editor    = {Anne L. Martel and
               Purang Abolmaesumi and
               Danail Stoyanov and
               Diana Mateus and
               Maria A. Zuluaga and
               S. Kevin Zhou and
               Daniel Racoceanu and
               Leo Joskowicz},
  title     = {Local and Global Structure-Aware Entropy Regularized Mean Teacher
               Model for 3D Left Atrium Segmentation},
  booktitle = {Medical Image Computing and Computer Assisted Intervention - {MICCAI}
               2020 - 23rd International Conference, Lima, Peru, October 4-8, 2020,
               Proceedings, Part {I}},
  series    = {Lecture Notes in Computer Science},
  volume    = {12261},
  pages     = {562--571},
  publisher = {Springer},
  year      = {2020},
  url       = {https://doi.org/10.1007/978-3-030-59710-8\_55},
  doi       = {10.1007/978-3-030-59710-8\_55},
  timestamp = {Sat, 09 Apr 2022 12:46:26 +0200},
  biburl    = {https://dblp.org/rec/conf/miccai/HangFLYWCQ20.bib},
  bibsource = {dblp computer science bibliography, https://dblp.org}
}

@inproceedings{wang2020double,
  author    = {Yixin Wang and
               Yao Zhang and
               Jiang Tian and
               Cheng Zhong and
               Zhongchao Shi and
               Yang Zhang and
               Zhiqiang He},
  editor    = {Anne L. Martel and
               Purang Abolmaesumi and
               Danail Stoyanov and
               Diana Mateus and
               Maria A. Zuluaga and
               S. Kevin Zhou and
               Daniel Racoceanu and
               Leo Joskowicz},
  title     = {Double-Uncertainty Weighted Method for Semi-supervised Learning},
  booktitle = {Medical Image Computing and Computer Assisted Intervention - {MICCAI}
               2020 - 23rd International Conference, Lima, Peru, October 4-8, 2020,
               Proceedings, Part {I}},
  series    = {Lecture Notes in Computer Science},
  volume    = {12261},
  pages     = {542--551},
  publisher = {Springer},
  year      = {2020},
  url       = {https://doi.org/10.1007/978-3-030-59710-8\_53},
  doi       = {10.1007/978-3-030-59710-8\_53},
  timestamp = {Tue, 01 Jun 2021 15:22:56 +0200},
  biburl    = {https://dblp.org/rec/conf/miccai/WangZTZSZH20.bib},
  bibsource = {dblp computer science bibliography, https://dblp.org}
}

@inproceedings{yu2019uncertainty,
  author    = {Lequan Yu and
               Shujun Wang and
               Xiaomeng Li and
               Chi{-}Wing Fu and
               Pheng{-}Ann Heng},
  editor    = {Dinggang Shen and
               Tianming Liu and
               Terry M. Peters and
               Lawrence H. Staib and
               Caroline Essert and
               Sean Zhou and
               Pew{-}Thian Yap and
               Ali R. Khan},
  title     = {Uncertainty-Aware Self-ensembling Model for Semi-supervised 3D Left
               Atrium Segmentation},
  booktitle = {Medical Image Computing and Computer Assisted Intervention - {MICCAI}
               2019 - 22nd International Conference, Shenzhen, China, October 13-17,
               2019, Proceedings, Part {II}},
  series    = {Lecture Notes in Computer Science},
  volume    = {11765},
  pages     = {605--613},
  publisher = {Springer},
  year      = {2019},
  url       = {https://doi.org/10.1007/978-3-030-32245-8\_67},
  doi       = {10.1007/978-3-030-32245-8\_67},
  timestamp = {Fri, 25 Mar 2022 09:53:59 +0100},
  biburl    = {https://dblp.org/rec/conf/miccai/YuWLFH19.bib},
  bibsource = {dblp computer science bibliography, https://dblp.org}
}

@inproceedings{ke2020guided,
  author    = {Zhanghan Ke and
               Di Qiu and
               Kaican Li and
               Qiong Yan and
               Rynson W. H. Lau},
  editor    = {Andrea Vedaldi and
               Horst Bischof and
               Thomas Brox and
               Jan{-}Michael Frahm},
  title     = {Guided Collaborative Training for Pixel-Wise Semi-Supervised Learning},
  booktitle = {Computer Vision - {ECCV} 2020 - 16th European Conference, Glasgow,
               UK, August 23-28, 2020, Proceedings, Part {XIII}},
  series    = {Lecture Notes in Computer Science},
  volume    = {12358},
  pages     = {429--445},
  publisher = {Springer},
  year      = {2020},
  url       = {https://doi.org/10.1007/978-3-030-58601-0\_26},
  doi       = {10.1007/978-3-030-58601-0\_26},
  timestamp = {Mon, 30 Nov 2020 17:54:10 +0100},
  biburl    = {https://dblp.org/rec/conf/eccv/KeQLYL20.bib},
  bibsource = {dblp computer science bibliography, https://dblp.org}
}

@article{cao2022adversarial,
  author    = {Cong Cao and
               Tianwei Lin and
               Dongliang He and
               Fu Li and
               Huanjing Yue and
               Jingyu Yang and
               Errui Ding},
  title     = {Adversarial Dual-Student with Differentiable Spatial Warping for Semi-Supervised
               Semantic Segmentation},
  journal   = {CoRR},
  volume    = {abs/2203.02792},
  year      = {2022},
  url       = {https://doi.org/10.48550/arXiv.2203.02792},
  doi       = {10.48550/arXiv.2203.02792},
  eprinttype = {arXiv},
  eprint    = {2203.02792},
  timestamp = {Tue, 05 Apr 2022 17:30:01 +0200},
  biburl    = {https://dblp.org/rec/journals/corr/abs-2203-02792.bib},
  bibsource = {dblp computer science bibliography, https://dblp.org}
}

@inproceedings{ke2019dualstudent,
  author    = {Zhanghan Ke and
               Daoye Wang and
               Qiong Yan and
               Jimmy S. J. Ren and
               Rynson W. H. Lau},
  title     = {Dual Student: Breaking the Limits of the Teacher in Semi-Supervised
               Learning},
  booktitle = {2019 {IEEE/CVF} International Conference on Computer Vision, {ICCV}
               2019, Seoul, Korea (South), October 27 - November 2, 2019},
  pages     = {6727--6735},
  publisher = {{IEEE}},
  year      = {2019},
  url       = {https://doi.org/10.1109/ICCV.2019.00683},
  doi       = {10.1109/ICCV.2019.00683},
  timestamp = {Thu, 16 Apr 2020 12:01:33 +0200},
  biburl    = {https://dblp.org/rec/conf/iccv/KeWYRL19.bib},
  bibsource = {dblp computer science bibliography, https://dblp.org}
}

@inproceedings{chen2021semisupervised,
  author    = {Xiaokang Chen and
               Yuhui Yuan and
               Gang Zeng and
               Jingdong Wang},
  title     = {Semi-Supervised Semantic Segmentation With Cross Pseudo Supervision},
  booktitle = {{IEEE} Conference on Computer Vision and Pattern Recognition, {CVPR}
               2021, virtual, June 19-25, 2021},
  pages     = {2613--2622},
  publisher = {Computer Vision Foundation / {IEEE}},
  year      = {2021},
  url       = {https://openaccess.thecvf.com/content/CVPR2021/html/Chen\_Semi-Supervised\_Semantic\_Segmentation\_With\_Cross\_Pseudo\_Supervision\_CVPR\_2021\_paper.html},
  doi       = {10.1109/CVPR46437.2021.00264},
  timestamp = {Mon, 18 Jul 2022 16:47:40 +0200},
  biburl    = {https://dblp.org/rec/conf/cvpr/ChenYZ021.bib},
  bibsource = {dblp computer science bibliography, https://dblp.org}
}

@article{luo2021semisupervised,
  author    = {Xiangde Luo and
               Minhao Hu and
               Tao Song and
               Guotai Wang and
               Shaoting Zhang},
  title     = {Semi-Supervised Medical Image Segmentation via Cross Teaching between
               {CNN} and Transformer},
  journal   = {CoRR},
  volume    = {abs/2112.04894},
  year      = {2021},
  url       = {https://arxiv.org/abs/2112.04894},
  eprinttype = {arXiv},
  eprint    = {2112.04894},
  timestamp = {Tue, 14 Dec 2021 14:21:31 +0100},
  biburl    = {https://dblp.org/rec/journals/corr/abs-2112-04894.bib},
  bibsource = {dblp computer science bibliography, https://dblp.org}
}


@article{ma2020active,
  title={Active contour regularized semi-supervised learning for COVID-19 CT infection segmentation with limited annotations},
  author={Ma, Jun and Nie, Ziwei and Wang, Congcong and Dong, Guoqiang and Zhu, Qiongjie and He, Jian and Gui, Luying and Yang, Xiaoping},
  journal={Physics in Medicine \& Biology},
  volume={65},
  number={22},
  pages={225034},
  year={2020},
  publisher={IOP Publishing}
}

@inproceedings{peng2020mutual,
  title={Mutual information deep regularization for semi-supervised segmentation},
  author={Peng, Jizong and Pedersoli, Marco and Desrosiers, Christian},
  booktitle={Medical Imaging with Deep Learning},
  pages={601--613},
  year={2020},
  organization={PMLR}
}

@article{li2020transformation,
  title={Transformation-consistent self-ensembling model for semisupervised medical image segmentation},
  author={Li, Xiaomeng and Yu, Lequan and Chen, Hao and Fu, Chi-Wing and Xing, Lei and Heng, Pheng-Ann},
  journal={IEEE Transactions on Neural Networks and Learning Systems},
  volume={32},
  number={2},
  pages={523--534},
  year={2020},
  publisher={IEEE}
}

@inproceedings{bai2017semisupervised,
  author    = {Wenjia Bai and
               Ozan Oktay and
               Matthew Sinclair and
               Hideaki Suzuki and
               Martin Rajchl and
               Giacomo Tarroni and
               Ben Glocker and
               Andrew P. King and
               Paul M. Matthews and
               Daniel Rueckert},
  editor    = {Maxime Descoteaux and
               Lena Maier{-}Hein and
               Alfred M. Franz and
               Pierre Jannin and
               D. Louis Collins and
               Simon Duchesne},
  title     = {Semi-supervised Learning for Network-Based Cardiac {MR} Image Segmentation},
  booktitle = {Medical Image Computing and Computer Assisted Intervention - {MICCAI}
               2017 - 20th International Conference, Quebec City, QC, Canada, September
               11-13, 2017, Proceedings, Part {II}},
  series    = {Lecture Notes in Computer Science},
  volume    = {10434},
  pages     = {253--260},
  publisher = {Springer},
  year      = {2017},
  url       = {https://doi.org/10.1007/978-3-319-66185-8\_29},
  doi       = {10.1007/978-3-319-66185-8\_29},
  timestamp = {Wed, 25 Sep 2019 18:20:33 +0200},
  biburl    = {https://dblp.org/rec/conf/miccai/BaiOSSRTGKMR17.bib},
  bibsource = {dblp computer science bibliography, https://dblp.org}
}

% ACTIVE LEARNING

@INPROCEEDINGS{wang2019twostagequery,
  author={Wang, Jiacheng and Chen, Zhaocai and Wang, Liansheng and Zhou, Qichao},
  booktitle={2019 International Conference on Medical Imaging Physics and Engineering (ICMIPE)}, 
  title={An Active Learning with Two-step Query for Medical Image Segmentation}, 
  year={2019},
  volume={},
  number={},
  pages={1-5},
  doi={10.1109/ICMIPE47306.2019.9098222}}
  
@inproceedings{mahajan2018exploring,
  author    = {Dhruv Mahajan and
               Ross B. Girshick and
               Vignesh Ramanathan and
               Kaiming He and
               Manohar Paluri and
               Yixuan Li and
               Ashwin Bharambe and
               Laurens van der Maaten},
  editor    = {Vittorio Ferrari and
               Martial Hebert and
               Cristian Sminchisescu and
               Yair Weiss},
  title     = {Exploring the Limits of Weakly Supervised Pretraining},
  booktitle = {Computer Vision - {ECCV} 2018 - 15th European Conference, Munich,
               Germany, September 8-14, 2018, Proceedings, Part {II}},
  series    = {Lecture Notes in Computer Science},
  volume    = {11206},
  pages     = {185--201},
  publisher = {Springer},
  year      = {2018},
  url       = {https://doi.org/10.1007/978-3-030-01216-8\_12},
  doi       = {10.1007/978-3-030-01216-8\_12},
  timestamp = {Mon, 28 Sep 2020 08:19:37 +0200},
  biburl    = {https://dblp.org/rec/conf/eccv/MahajanGRHPLBM18.bib},
  bibsource = {dblp computer science bibliography, https://dblp.org}
}

@inproceedings{joulin2016learningvisual,
  author    = {Armand Joulin and
               Laurens van der Maaten and
               Allan Jabri and
               Nicolas Vasilache},
  editor    = {Bastian Leibe and
               Jiri Matas and
               Nicu Sebe and
               Max Welling},
  title     = {Learning Visual Features from Large Weakly Supervised Data},
  booktitle = {Computer Vision - {ECCV} 2016 - 14th European Conference, Amsterdam,
               The Netherlands, October 11-14, 2016, Proceedings, Part {VII}},
  series    = {Lecture Notes in Computer Science},
  volume    = {9911},
  pages     = {67--84},
  publisher = {Springer},
  year      = {2016},
  url       = {https://doi.org/10.1007/978-3-319-46478-7\_5},
  doi       = {10.1007/978-3-319-46478-7\_5},
  timestamp = {Tue, 14 May 2019 10:00:45 +0200},
  biburl    = {https://dblp.org/rec/conf/eccv/JoulinMJV16.bib},
  bibsource = {dblp computer science bibliography, https://dblp.org}
}

@inproceedings{atlas1989trainingconnectionist,
  author    = {Les E. Atlas and
               David A. Cohn and
               Richard E. Ladner},
  editor    = {David S. Touretzky},
  title     = {Training Connectionist Networks with Queries and Selective Sampling},
  booktitle = {Advances in Neural Information Processing Systems 2, {[NIPS} Conference,
               Denver, Colorado, USA, November 27-30, 1989]},
  pages     = {566--573},
  publisher = {Morgan Kaufmann},
  year      = {1989},
  url       = {http://papers.nips.cc/paper/261-training-connectionist-networks-with-queries-and-selective-sampling},
  timestamp = {Mon, 16 May 2022 15:41:51 +0200},
  biburl    = {https://dblp.org/rec/conf/nips/AtlasCL89.bib},
  bibsource = {dblp computer science bibliography, https://dblp.org}
}

@inproceedings{joshi2009multi,
  title={Multi-class active learning for image classification},
  author={Joshi, Ajay J and Porikli, Fatih and Papanikolopoulos, Nikolaos},
  booktitle={2009 ieee conference on computer vision and pattern recognition},
  pages={2372--2379},
  year={2009},
  organization={IEEE}
}

@article{wang2016cost,
  title={Cost-effective active learning for deep image classification},
  author={Wang, Keze and Zhang, Dongyu and Li, Ya and Zhang, Ruimao and Lin, Liang},
  journal={IEEE Transactions on Circuits and Systems for Video Technology},
  volume={27},
  number={12},
  pages={2591--2600},
  year={2016},
  publisher={IEEE}
}

@article{tong2001svmactive,
  author    = {Simon Tong and
               Daphne Koller},
  title     = {Support Vector Machine Active Learning with Applications to Text Classification},
  journal   = {J. Mach. Learn. Res.},
  volume    = {2},
  pages     = {45--66},
  year      = {2001},
  url       = {http://jmlr.org/papers/v2/tong01a.html},
  timestamp = {Wed, 10 Jul 2019 15:28:23 +0200},
  biburl    = {https://dblp.org/rec/journals/jmlr/TongK01.bib},
  bibsource = {dblp computer science bibliography, https://dblp.org}
}

@inproceedings{seung1992query,
  title={Query by committee},
  author={Seung, H Sebastian and Opper, Manfred and Sompolinsky, Haim},
  booktitle={Proceedings of the fifth annual workshop on Computational learning theory},
  pages={287--294},
  year={1992}
}

@inproceedings{beluch2018power,
  author    = {William H. Beluch and
               Tim Genewein and
               Andreas N{\"{u}}rnberger and
               Jan M. K{\"{o}}hler},
  title     = {The Power of Ensembles for Active Learning in Image Classification},
  booktitle = {2018 {IEEE} Conference on Computer Vision and Pattern Recognition,
               {CVPR} 2018, Salt Lake City, UT, USA, June 18-22, 2018},
  pages     = {9368--9377},
  publisher = {Computer Vision Foundation / {IEEE} Computer Society},
  year      = {2018},
  url       = {http://openaccess.thecvf.com/content\_cvpr\_2018/html/Beluch\_The\_Power\_of\_CVPR\_2018\_paper.html},
  doi       = {10.1109/CVPR.2018.00976},
  timestamp = {Mon, 03 Jan 2022 22:30:52 +0100},
  biburl    = {https://dblp.org/rec/conf/cvpr/BeluchGNK18.bib},
  bibsource = {dblp computer science bibliography, https://dblp.org}
}

@inproceedings{sener2018activelearningforcnn,
  author    = {Ozan Sener and
               Silvio Savarese},
  title     = {Active Learning for Convolutional Neural Networks: {A} Core-Set Approach},
  booktitle = {6th International Conference on Learning Representations, {ICLR} 2018,
               Vancouver, BC, Canada, April 30 - May 3, 2018, Conference Track Proceedings},
  publisher = {OpenReview.net},
  year      = {2018},
  url       = {https://openreview.net/forum?id=H1aIuk-RW},
  timestamp = {Thu, 25 Jul 2019 14:25:55 +0200},
  biburl    = {https://dblp.org/rec/conf/iclr/SenerS18.bib},
  bibsource = {dblp computer science bibliography, https://dblp.org}
}

@inproceedings{nguyen2004activepreclustering,
  title={Active learning using pre-clustering},
  author={Nguyen, Hieu T and Smeulders, Arnold},
  booktitle={Proceedings of the twenty-first international conference on Machine learning},
  pages={79},
  year={2004}
}

@article{guo2010activeinstance,
  title={Active instance sampling via matrix partition},
  author={Guo, Yuhong},
  journal={Advances in Neural Information Processing Systems},
  volume={23},
  year={2010}
}

@inproceedings{bilgic2009link,
  title={Link-based active learning},
  author={Bilgic, Mustafa and Getoor, Lise},
  booktitle={NIPS Workshop on Analyzing Networks and Learning with Graphs},
  volume={4},
  year={2009}
}

@article{roy2001toward,
  title={Toward optimal active learning through monte carlo estimation of error reduction},
  author={Roy, Nicholas and McCallum, Andrew},
  journal={ICML, Williamstown},
  volume={2},
  pages={441--448},
  year={2001}
}

@article{settles2007multiple,
  title={Multiple-instance active learning},
  author={Settles, Burr and Craven, Mark and Ray, Soumya},
  journal={Advances in neural information processing systems},
  volume={20},
  year={2007}
}

@inproceedings{freytag2014selecting,
  title={Selecting influential examples: Active learning with expected model output changes},
  author={Freytag, Alexander and Rodner, Erik and Denzler, Joachim},
  booktitle={European conference on computer vision},
  pages={562--577},
  year={2014},
  organization={Springer}
}

@inproceedings{wang2018towardshuman,
  author    = {Keze Wang and
               Xiaopeng Yan and
               Dongyu Zhang and
               Lei Zhang and
               Liang Lin},
  title     = {Towards Human-Machine Cooperation: Self-Supervised Sample Mining for
               Object Detection},
  booktitle = {2018 {IEEE} Conference on Computer Vision and Pattern Recognition,
               {CVPR} 2018, Salt Lake City, UT, USA, June 18-22, 2018},
  pages     = {1605--1613},
  publisher = {Computer Vision Foundation / {IEEE} Computer Society},
  year      = {2018},
  url       = {http://openaccess.thecvf.com/content\_cvpr\_2018/html/Wang\_Towards\_Human-Machine\_Cooperation\_CVPR\_2018\_paper.html},
  doi       = {10.1109/CVPR.2018.00173},
  timestamp = {Tue, 31 Aug 2021 14:00:32 +0200},
  biburl    = {https://dblp.org/rec/conf/cvpr/WangYZ0L18.bib},
  bibsource = {dblp computer science bibliography, https://dblp.org}
}

@inproceedings{liu2017activehumanpose,
  title={Active learning for human pose estimation},
  author={Liu, Buyu and Ferrari, Vittorio},
  booktitle={Proceedings of the IEEE International Conference on Computer Vision},
  pages={4363--4372},
  year={2017}
}

@inproceedings{jain2016activesegmentationprop,
  title={Active image segmentation propagation},
  author={Jain, Suyog Dutt and Grauman, Kristen},
  booktitle={Proceedings of the IEEE conference on computer vision and pattern recognition},
  pages={2864--2873},
  year={2016}
}

@inproceedings{gal2017deep,
  title={Deep bayesian active learning with image data},
  author={Gal, Yarin and Islam, Riashat and Ghahramani, Zoubin},
  booktitle={International Conference on Machine Learning},
  pages={1183--1192},
  year={2017},
  organization={PMLR}
}

@inproceedings{gal2016dropout,
  title={Dropout as a bayesian approximation: Representing model uncertainty in deep learning},
  author={Gal, Yarin and Ghahramani, Zoubin},
  booktitle={international conference on machine learning},
  pages={1050--1059},
  year={2016},
  organization={PMLR}
}

@inproceedings{yoo2019learningloss,
  title={Learning loss for active learning},
  author={Yoo, Donggeun and Kweon, In So},
  booktitle={Proceedings of the IEEE/CVF conference on computer vision and pattern recognition},
  pages={93--102},
  year={2019}
}

% SECTION RELATED WORKS


% SUBSECTION % SEMI-SUPERVISED VIDEO OBJECT SEGMENTATION 

@inproceedings{caelles2017one,
  title={One-shot video object segmentation},
  author={Caelles, Sergi and Maninis, Kevis-Kokitsi and Pont-Tuset, Jordi and Leal-Taix{\'e}, Laura and Cremers, Daniel and Van Gool, Luc},
  booktitle={Proceedings of the IEEE conference on computer vision and pattern recognition},
  pages={221--230},
  year={2017}
}

@inproceedings{xiao2018monet,
  title={Monet: Deep motion exploitation for video object segmentation},
  author={Xiao, Huaxin and Feng, Jiashi and Lin, Guosheng and Liu, Yu and Zhang, Maojun},
  booktitle={Proceedings of the IEEE Conference on Computer Vision and Pattern Recognition},
  pages={1140--1148},
  year={2018}
}

@article{voigtlaender2017online,
  title={Online adaptation of convolutional neural networks for video object segmentation},
  author={Voigtlaender, Paul and Leibe, Bastian},
  journal={arXiv preprint arXiv:1706.09364},
  year={2017}
}

@inproceedings{perazzi2017learning,
  title={Learning video object segmentation from static images},
  author={Perazzi, Federico and Khoreva, Anna and Benenson, Rodrigo and Schiele, Bernt and Sorkine-Hornung, Alexander},
  booktitle={Proceedings of the IEEE conference on computer vision and pattern recognition},
  pages={2663--2672},
  year={2017}
}

@inproceedings{luiten2018premvos,
  title={Premvos: Proposal-generation, refinement and merging for video object segmentation},
  author={Luiten, Jonathon and Voigtlaender, Paul and Leibe, Bastian},
  booktitle={Asian Conference on Computer Vision},
  pages={565--580},
  year={2018},
  organization={Springer}
}

@article{hu2017maskrnn,
  title={Maskrnn: Instance level video object segmentation},
  author={Hu, Yuan-Ting and Huang, Jia-Bin and Schwing, Alexander},
  journal={Advances in neural information processing systems},
  volume={30},
  year={2017}
}

@inproceedings{ventura2019rvos,
  title={Rvos: End-to-end recurrent network for video object segmentation},
  author={Ventura, Carles and Bellver, Miriam and Girbau, Andreu and Salvador, Amaia and Marques, Ferran and Giro-i-Nieto, Xavier},
  booktitle={Proceedings of the IEEE/CVF Conference on Computer Vision and Pattern Recognition},
  pages={5277--5286},
  year={2019}
}

@inproceedings{jang2017online,
  title={Online video object segmentation via convolutional trident network},
  author={Jang, Won-Dong and Kim, Chang-Su},
  booktitle={Proceedings of the IEEE conference on computer vision and pattern recognition},
  pages={5849--5858},
  year={2017}
}

@inproceedings{wang2019fast,
  title={Fast online object tracking and segmentation: A unifying approach},
  author={Wang, Qiang and Zhang, Li and Bertinetto, Luca and Hu, Weiming and Torr, Philip HS},
  booktitle={Proceedings of the IEEE/CVF conference on Computer Vision and Pattern Recognition},
  pages={1328--1338},
  year={2019}
}

@inproceedings{chen2020state,
  title={State-aware tracker for real-time video object segmentation},
  author={Chen, Xi and Li, Zuoxin and Yuan, Ye and Yu, Gang and Shen, Jianxin and Qi, Donglian},
  booktitle={Proceedings of the IEEE/CVF Conference on Computer Vision and Pattern Recognition},
  pages={9384--9393},
  year={2020}
}

@inproceedings{huang2020fast,
  title={Fast video object segmentation with temporal aggregation network and dynamic template matching},
  author={Huang, Xuhua and Xu, Jiarui and Tai, Yu-Wing and Tang, Chi-Keung},
  booktitle={Proceedings of the IEEE/CVF Conference on Computer Vision and Pattern Recognition},
  pages={8879--8889},
  year={2020}
}

@inproceedings{voigtlaender2019feelvos,
  title={Feelvos: Fast end-to-end embedding learning for video object segmentation},
  author={Voigtlaender, Paul and Chai, Yuning and Schroff, Florian and Adam, Hartwig and Leibe, Bastian and Chen, Liang-Chieh},
  booktitle={Proceedings of the IEEE/CVF Conference on Computer Vision and Pattern Recognition},
  pages={9481--9490},
  year={2019}
}

@inproceedings{yang2020collaborative,
  title={Collaborative video object segmentation by foreground-background integration},
  author={Yang, Zongxin and Wei, Yunchao and Yang, Yi},
  booktitle={European Conference on Computer Vision},
  pages={332--348},
  year={2020},
  organization={Springer}
}

@article{loshchilov2017decoupled,
  title={Decoupled weight decay regularization},
  author={Loshchilov, Ilya and Hutter, Frank},
  journal={arXiv preprint arXiv:1711.05101},
  year={2017}
}

@inproceedings{oh2019stm,
  title={Video object segmentation using space-time memory networks},
  author={Oh, Seoung Wug and Lee, Joon-Young and Xu, Ning and Kim, Seon Joo},
  booktitle={Proceedings of the IEEE/CVF International Conference on Computer Vision},
  pages={9226--9235},
  year={2019}
}

@inproceedings{duarte2019capsulevos,
  title={Capsulevos: Semi-supervised video object segmentation using capsule routing},
  author={Duarte, Kevin and Rawat, Yogesh S and Shah, Mubarak},
  booktitle={Proceedings of the IEEE/CVF International Conference on Computer Vision},
  pages={8480--8489},
  year={2019}
}

@inproceedings{ge2021video,
  title={Video object segmentation using global and instance embedding learning},
  author={Ge, Wenbin and Lu, Xiankai and Shen, Jianbing},
  booktitle={Proceedings of the IEEE/CVF Conference on Computer Vision and Pattern Recognition},
  pages={16836--16845},
  year={2021}
}

@article{cheng2021stcn,
  title={Rethinking space-time networks with improved memory coverage for efficient video object segmentation},
  author={Cheng, Ho Kei and Tai, Yu-Wing and Tang, Chi-Keung},
  journal={Advances in Neural Information Processing Systems},
  volume={34},
  pages={11781--11794},
  year={2021}
}

@article{cheng2022xmem,
  title={XMem: Long-Term Video Object Segmentation with an Atkinson-Shiffrin Memory Model},
  author={Cheng, Ho Kei and Schwing, Alexander G},
  journal={arXiv preprint arXiv:2207.07115},
  year={2022}
}

@article{yang2022associating,
  title={Associating Objects with Scalable Transformers for Video Object Segmentation},
  author={Yang, Zongxin and Miao, Jiaxu and Wang, Xiaohan and Wei, Yunchao and Yang, Yi},
  journal={arXiv preprint arXiv:2203.11442},
  year={2022}
}

@inproceedings{badrinarayanan2010label,
  title={Label propagation in video sequences},
  author={Badrinarayanan, Vijay and Galasso, Fabio and Cipolla, Roberto},
  booktitle={2010 IEEE Computer Society Conference on Computer Vision and Pattern Recognition},
  pages={3265--3272},
  year={2010},
  organization={IEEE}
}

@inproceedings{vijayanarasimhan2012active,
  title={Active frame selection for label propagation in videos},
  author={Vijayanarasimhan, Sudheendra and Grauman, Kristen},
  booktitle={European conference on computer vision},
  pages={496--509},
  year={2012},
  organization={Springer}
}

@inproceedings{avinash2014seamseg,
  title={Seamseg: Video object segmentation using patch seams},
  author={Avinash Ramakanth, S and Venkatesh Babu, R},
  booktitle={Proceedings of the IEEE conference on computer vision and pattern recognition},
  pages={376--383},
  year={2014}
}

@inproceedings{seong2020kernelized,
  title={Kernelized memory network for video object segmentation},
  author={Seong, Hongje and Hyun, Junhyuk and Kim, Euntai},
  booktitle={European Conference on Computer Vision},
  pages={629--645},
  year={2020},
  organization={Springer}
}

@inproceedings{cheng2021mivos,
  title={Modular interactive video object segmentation: Interaction-to-mask, propagation and difference-aware fusion},
  author={Cheng, Ho Kei and Tai, Yu-Wing and Tang, Chi-Keung},
  booktitle={Proceedings of the IEEE/CVF Conference on Computer Vision and Pattern Recognition},
  pages={5559--5568},
  year={2021}
}



% SUBSECTION SEGMENTATION

@article{FCN,
  author    = {Jonathan Long and
               Evan Shelhamer and
               Trevor Darrell},
  title     = {Fully Convolutional Networks for Semantic Segmentation},
  journal   = {CoRR},
  volume    = {abs/1411.4038},
  year      = {2014},
  url       = {http://arxiv.org/abs/1411.4038},
  eprinttype = {arXiv},
  eprint    = {1411.4038},
  timestamp = {Mon, 13 Aug 2018 16:48:17 +0200},
  biburl    = {https://dblp.org/rec/journals/corr/LongSD14.bib},
  bibsource = {dblp computer science bibliography, https://dblp.org}
}

@article{segnet,
  author    = {Vijay Badrinarayanan and
               Alex Kendall and
               Roberto Cipolla},
  title     = {SegNet: {A} Deep Convolutional Encoder-Decoder Architecture for Image
               Segmentation},
  journal   = {CoRR},
  volume    = {abs/1511.00561},
  year      = {2015},
  url       = {http://arxiv.org/abs/1511.00561},
  eprinttype = {arXiv},
  eprint    = {1511.00561},
  timestamp = {Mon, 13 Aug 2018 16:46:06 +0200},
  biburl    = {https://dblp.org/rec/journals/corr/BadrinarayananK15.bib},
  bibsource = {dblp computer science bibliography, https://dblp.org}
}
@article{Unet,
  author    = {Olaf Ronneberger and
               Philipp Fischer and
               Thomas Brox},
  title     = {U-Net: Convolutional Networks for Biomedical Image Segmentation},
  journal   = {CoRR},
  volume    = {abs/1505.04597},
  year      = {2015},
  url       = {http://arxiv.org/abs/1505.04597},
  eprinttype = {arXiv},
  eprint    = {1505.04597},
  timestamp = {Mon, 13 Aug 2018 16:46:52 +0200},
  biburl    = {https://dblp.org/rec/journals/corr/RonnebergerFB15.bib},
  bibsource = {dblp computer science bibliography, https://dblp.org}
}

@article{UnetPP,
  author    = {Zongwei Zhou and
               Md Mahfuzur Rahman Siddiquee and
               Nima Tajbakhsh and
               Jianming Liang},
  title     = {UNet++: {A} Nested U-Net Architecture for Medical Image Segmentation},
  journal   = {CoRR},
  volume    = {abs/1807.10165},
  year      = {2018},
  url       = {http://arxiv.org/abs/1807.10165},
  eprinttype = {arXiv},
  eprint    = {1807.10165},
  timestamp = {Mon, 13 Aug 2018 16:46:03 +0200},
  biburl    = {https://dblp.org/rec/journals/corr/abs-1807-10165.bib},
  bibsource = {dblp computer science bibliography, https://dblp.org}
}

@article{AttUnet,
  author    = {Ozan Oktay and
               Jo Schlemper and
               Lo{\"{\i}}c Le Folgoc and
               Matthew C. H. Lee and
               Mattias P. Heinrich and
               Kazunari Misawa and
               Kensaku Mori and
               Steven G. McDonagh and
               Nils Y. Hammerla and
               Bernhard Kainz and
               Ben Glocker and
               Daniel Rueckert},
  title     = {Attention U-Net: Learning Where to Look for the Pancreas},
  journal   = {CoRR},
  volume    = {abs/1804.03999},
  year      = {2018},
  url       = {http://arxiv.org/abs/1804.03999},
  eprinttype = {arXiv},
  eprint    = {1804.03999},
  timestamp = {Tue, 17 Sep 2019 14:15:15 +0200},
  biburl    = {https://dblp.org/rec/journals/corr/abs-1804-03999.bib},
  bibsource = {dblp computer science bibliography, https://dblp.org}
}

@article{Deeplab,
  added-at = {2020-06-09T00:59:44.000+0200},
  author = {Chen, Liang-Chieh and Papandreou, George and Kokkinos, Iasonas and Murphy, Kevin and Yuille, Alan L.},
  biburl = {https://www.bibsonomy.org/bibtex/27375614fcde32d25fd30f2a3d3ee03f0/jan.hofmann1},
  ee = {http://arxiv.org/abs/1606.00915},
  interhash = {5be0e8f622957ce8ca135d93846b0392},
  intrahash = {7375614fcde32d25fd30f2a3d3ee03f0},
  journal = {CoRR},
  keywords = {thema:pyramid_scene_parsing},
  timestamp = {2020-06-09T00:59:44.000+0200},
  title = {DeepLab: Semantic Image Segmentation with Deep Convolutional Nets, Atrous Convolution, and Fully Connected CRFs.},
  url = {http://dblp.uni-trier.de/db/journals/corr/corr1606.html#ChenPK0Y16},
  volume = {abs/1606.00915},
  year = 2016
}

@article{TransUnet,
  author    = {Jieneng Chen and
               Yongyi Lu and
               Qihang Yu and
               Xiangde Luo and
               Ehsan Adeli and
               Yan Wang and
               Le Lu and
               Alan L. Yuille and
               Yuyin Zhou},
  title     = {TransUNet: Transformers Make Strong Encoders for Medical Image Segmentation},
  journal   = {CoRR},
  volume    = {abs/2102.04306},
  year      = {2021},
  url       = {https://arxiv.org/abs/2102.04306},
  eprinttype = {arXiv},
  eprint    = {2102.04306},
  timestamp = {Mon, 12 Apr 2021 14:40:33 +0200},
  biburl    = {https://dblp.org/rec/journals/corr/abs-2102-04306.bib},
  bibsource = {dblp computer science bibliography, https://dblp.org}
}

% TOOLS

@ARTICLE{py06itksnap,
  author = {Paul A. Yushkevich and Joseph Piven and Cody Hazlett, Heather and
    Gimpel Smith, Rachel and Sean Ho and James C. Gee and Guido Gerig},
  title = {User-Guided {3D} Active Contour Segmentation of
    Anatomical Structures: Significantly Improved Efficiency and Reliability},
  journal = {Neuroimage},
  year = {2006},
  volume = {31},
  number = {3},
  pages = {1116--1128},
}



